@article{DBLP:journals/corr/SchwarzWGMM17,
  author    = {Michael Schwarz and
               Samuel Weiser and
               Daniel Gruss and
               Cl{\'{e}}mentine Maurice and
               Stefan Mangard},
  title     = {Malware Guard Extension: Using {SGX} to Conceal Cache Attacks},
  journal   = {CoRR},
  volume    = {abs/1702.08719},
  year      = {2017},
  url       = {http://arxiv.org/abs/1702.08719},
  archivePrefix = {arXiv},
  eprint    = {1702.08719},
  timestamp = {Mon, 13 Aug 2018 16:46:48 +0200},
  biburl    = {https://dblp.org/rec/journals/corr/SchwarzWGMM17.bib},
  bibsource = {dblp computer science bibliography, https://dblp.org}
}

@misc{IntelWebBasedTraining,
  author       = {},
  title        = {Intel® Software Guard Extensions (Intel® SGX) Web-Based Training},
  howpublished = {\url{https://software.intel.com/content/www/us/en/develop/articles/intel-sgx-web-based-training.html}},
  year         = {2018},
  note         = {last visited 13.05.2020} 
}